@misc{cvelinux,
  title = {Linux Linux Kernel: CVE security vulnerabilities, versions and detailed reports},
  howpublished = {\url{http://www.cvedetails.com/product/47/Linux-Linux-Kernel.html?vendor_id=33}},
}